@BOOK{Goodman,
    author= {J. Goodman},
    title= {Introduction to Fourier Optics},
    publisher= {McGraw-Hill Book Co.},
    address= {San Francisco},
    year= {1968}
}
@BOOK{HandbookOfOptics2,
  author =       {Optical Society of America},
  title =        {Handbook of Optics},
  publisher =    {McGraw-Hill, Inc.},
  year =         {1995},
  volume =       {II},
  series =       {Devices, Measurements, and Properties},
  address =      {USA},
  edition =      {2nd}
}
@ARTICLE{stein,
  author =       {G. Steinmeyer and D. Sutter and L. Gallman and
                  N. Matuschek and U. Keller},
  title =        {Frontiers in ultrashort pulse: Pushing the limits in
                  linear and non-linear optics},
  journal =      {Science},
  year =         {1999},
  volume =       {286},
  number =       {5544}
}
@ARTICLE{AppliedOptics,
  author =       {G.A. Mourou and C.P.J. Barty and M.D. Perry},
  title =        {Ultrahigh-intensity lasers: Physics of the extreme on a tabletop},
  journal =      {Applied Optics},
  year =         {1998},
  volume =       {51},
  number =       {1},
  pages =        {22-28},
  month =        {January},
}
@TECHREPORT{dausinger,
  author =       {Friedrich Dausinger},
  title =        {Femtosecond pulses for medicine and production technology: A new
                  German national project  },
  institution =  {Institut fuer Strahlwerkzeuge (IFSW)},
  year =         {2002},
  type =         {RIKEN Review: Focused on 2nd International Sysmposium on Laser Precision
                  Microfabrication (LPM2001)},
  number =       {43},
  address =      {University of Stuttgart, Germany},
  month =        {January}
}
