@inproceedings{Romero2016,
 title={Compressive sensing on the {F}ourier domain as a method for increasing image signal-to-noise ratio},
author={Romero, Roland A. and Tapang, Giovanni A. and Saloma, Caesar A.},
booktitle={Proceedings of the Samahang Pisika ng Pilipinas Physics Conference},
volume={34},
year={2016},
pages={\href{https://paperview.spp-online.org/proceedings/article/view/376}{SPP-2016-PA-14}},
address={University of the Philippines Visayas, Iloilo City, Philippines}
}

@inproceedings{Romero2018,
title={Robustness of compressive {F}ourier-domain sampling against rounding-off errors and noise},
author={Romero, Roland A. and Tapang, Giovanni A. and Saloma, Caesar A.},
booktitle={Proceedings of the Samahang Pisika ng Pilipinas Physics Conference},
volume={36},
year={2018},
pages ={\href{https://paperview.spp-online.org/proceedings/article/view/SPP-2018-PB-21}{SPP-2018-PB-21}},
address={Puerto Princesa City, Philippines}
}

@inproceedings{Domingo2019,
title = {Frequency domain reconstruction of stochastically sampled signals based on compressive sensing},
author = {Domingo, Kenneth V and Soriano, Maricor N},
booktitle = {Proceedings of the Samahang Pisika ng Pilipinas Physics Conference},
volume = {37},
year = {2019},
pages = {\href{https://paperview.spp-online.org/proceedings/issue/view/SPP-2019}{SPP-2019-PB-38}}
}

@article{Shannon1949,
author = {Shannon, Claude E},
title = {Communication in the presence of noise},
journal = {Proceedings of the Institute of Radio Engineers},
year = {1949},
volume = {37},
number = {1},
pages = {10--21},
month = {1},
doi = {10.1109/jrproc.1949.232969}
}

@article{scikit-learn,
 title={Scikit-learn: Machine Learning in {P}ython},
 author={Pedregosa, F. and Varoquaux, G. and Gramfort, A. and Michel, V.
         and Thirion, B. and Grisel, O. and Blondel, M. and Prettenhofer, P.
         and Weiss, R. and Dubourg, V. and Vanderplas, J. and Passos, A. and
         Cournapeau, D. and Brucher, M. and Perrot, M. and Duchesnay, E.},
 journal={Journal of Machine Learning Research},
 volume={12},
 pages={2825--2830},
 year={2011}
}

@manual{itu-jpeg,
	author = {{CCITT Study Group VIII} and {Joint Photographics Expert Group}},
	title = {T.81 -- Digital compression and coding of continuous-tone still images -- Requirements and guidelines},
	type = {PDF},
	year={1982}
}

@book{knapp,
	author = {Knapp, Anthony W.},
	title = {Basic Real Analysis},
	year = {2005},
	publisher = {Springer Science \& Business Media},
	pages = {1}
}

@article{cvxpy,
	author  = {Steven Diamond and Stephen Boyd},
	title   = {{CVXPY}: A {P}ython-Embedded Modeling Language for Convex Optimization},
	journal = {Journal of Machine Learning Research},
	year    = {2016},
	volume  = {17},
	number  = {83},
	pages   = {1--5},
}

@article{cvxpy_rewriting,
	author  = {Akshay Agrawal and Robin Verschueren and Steven Diamond and Stephen Boyd},
	title   = {A Rewriting System for Convex Optimization Problems},
	journal = {Journal of Control and Decision},
	year    = {2018},
	volume  = {5},
	number  = {1},
	pages   = {42--60},
}

@INPROCEEDINGS{ecos,
	author = {Domahidi, A. and Chu, E. and Boyd, S.},
	booktitle = {European Control Conference (ECC)},
	title = {{ECOS}: {A}n {SOCP} solver for embedded systems},
	year = {2013},
	pages = {3071-3076}
}

@book{timit,
	author = {Garafolo, John S. and Lamel, Lori F. and Fisher, William M. and Fiscus, Jonathan G. and Pallett, David S. and Dahlgren, Nancy L. and Zue, Victor},
	title = {{TIMIT} Acoustic-Phonetic Continuous Speech Corpus {LDC93S1}},
	year = {1993},
	publisher = {Linguistic Data Consortium},
	location = {Philadelphia}
}

@article{Efron2004,
	author = {Efron, Bradley and Hastie, Trevor and Johnstone, Iain and Tibshirani, Robert},
	title = {Least angle regression},
	journal = {The Annals of Statistics},
	volume = {32},
	number = {2},
	issue = {2},
	pages = {407--499},
	year = {2004}
}

@article{Sturm2012,
	title = {Comparison of orthogonal matching pursuit implementations},
	author = {Sturm, Bob L and Christensen, Mads Gr{\ae}sb{\o}ll},
	journal = {20th European Signal Processing Conference (EUSIPCO 2012)},
	year = {2012},
	pages = {220--224}
}

@article{Xiang2019,
	author = {Xiang, Jianhong and Yue, Huihui and Yin, Xiangjun and Wang, Linyu},
	editor = {Ogryczak, Wlodzimierz},
	title = {A new smoothed {L0} regularization approach for sparse signal recovery},
	journal = {Mathematical Problems in Engineering},
	year = {2019},
	doi = {10.1155/2019/1978154}
}

@article{pesq,
	title = {Perceptual evaluation of speech quality ({PESQ}): An objective method for end-to-end speech quality assessment of narrow-band telephone networks and speech codecs},
	year = {2001},
	series = {ITU-T P.862 (02/01)},
	author = {{Telecommunication Standardization Sector of ITU}},
	journal = {ITU-T Recommendation P.862 (02/01)}
}

@book{Loizou2013,
	author = {Loizou, P C},
	title = {Speech Enhancement: Theory and Practice},
	publisher = {CRC Press},
	year = {2013},
	edition = {2}
}
